<collection xmlns="http://www.loc.gov/MARC21/slim">
<record>
  <leader>01083nam0a22002051i 450 </leader>
  <controlfield tag="001">IT\ICCU\CNCE\079161</controlfield>
  <controlfield tag="005">20160510000000.0</controlfield>
  <datafield tag="012" ind1=" " ind2=" ">
    <subfield code="a">n-o- i,to el:&amp; n-on (C) 1590 (A)</subfield>
    <subfield code="2">fei</subfield>
  </datafield>
  <datafield tag="100" ind1=" " ind2=" ">
    <subfield code="a">20160510d1590        0itac0103    ba</subfield>
  </datafield>
  <datafield tag="101" ind1=" " ind2=" ">
    <subfield code="a">ITA</subfield>
  </datafield>
  <datafield tag="102" ind1=" " ind2=" ">
    <subfield code="a">IT</subfield>
  </datafield>
  <datafield tag="200" ind1="1" ind2=" ">
    <subfield code="a">Nouo auiso di alcuni casi crudelissimi occorsi nella nobilissima citta di Granata, prouincia della Spagna. Doue s&apos;intende il miserabil fine di due nobili gentil&apos;huomini, e vna gentildonna; et l&apos;incendio, e ruina di vna casa, gettata in aria, con fuochi arteficiati ...</subfield>
  </datafield>
  <datafield tag="210" ind1=" " ind2=" ">
    <subfield code="a">Stampato in Mantoua</subfield>
    <subfield code="d">in Ferrara</subfield>
    <subfield code="d">in Cremona</subfield>
    <subfield code="d">&amp; in Brescia. Et ristampato in Venezia</subfield>
    <subfield code="c">per Lodouico Larducci</subfield>
    <subfield code="d">si vendono a S. Moise per mezo il Fruttaruol dal Gallo</subfield>
    <subfield code="d">1590</subfield>
  </datafield>
  <datafield tag="215" ind1=" " ind2=" ">
    <subfield code="a">\4! c.</subfield>
    <subfield code="d">8ʻ</subfield>
  </datafield>
  <datafield tag="620" ind1=" " ind2=" ">
    <subfield code="a">IT</subfield>
    <subfield code="d">Venezia</subfield>
  </datafield>
  <datafield tag="712" ind1="0" ind2="0">
    <subfield code="a">Larduccio, Lodovico</subfield>
    <subfield code="3">IT\ICCU\CNCT\001408</subfield>
    <subfield code="4">650</subfield>
  </datafield>
  <datafield tag="791" ind1="0" ind2="0">
    <subfield code="a">Larducci, Lodovico</subfield>
    <subfield code="3">IT\ICCU\CNCT\004925</subfield>
    <subfield code="z">Larduccio, Lodovico</subfield>
  </datafield>
  <datafield tag="791" ind1="0" ind2="0">
    <subfield code="a">Larduccius, Lodovicus</subfield>
    <subfield code="3">IT\ICCU\CNCT\004927</subfield>
    <subfield code="z">Larduccio, Lodovico</subfield>
  </datafield>
  <datafield tag="801" ind1=" " ind2="3">
    <subfield code="a">IT</subfield>
    <subfield code="b">ICCU</subfield>
    <subfield code="c">20201115</subfield>
  </datafield>
  <datafield tag="899" ind1=" " ind2=" ">
    <subfield code="a">Biblioteca nazionale Marciana. Venezia</subfield>
    <subfield code="1">VE0049</subfield>
    <subfield code="2">VEA BM</subfield>
  </datafield>
</record>
</collection>
